@article{decarlo2000optical,
	title={Optical flow constraints on deformable models with applications to face tracking},
	journal={IJCV},
	author={Decarlo, Douglas and Metaxas, Dimitris},
	number={2},
	volume={38},
	pages={99--127},
	year={2000}
}

@inproceedings{xiong2013supervised,
  title={Supervised descent method and its applications to face alignment},
  author={Xiong, Xuehan and De la Torre, Fernando},
  booktitle={CVPR},
  pages={532--539},
  year={2013},
}


@inproceedings{li2013spontaneous,
  title={A spontaneous micro-expression database: Inducement, collection and baseline},
  author={Li, Xiaobai and Pfister, Tomas and Huang, Xiaohua and Zhao, Guoying and Pietikainen, Matti},
  booktitle={FG},
  pages={1--6},
  year={2013}
}
@INPROCEEDINGS{6909835, 
    author={Alabort-i\mbox{-Medina}, J. and Zafeiriou, S.}, 
    booktitle={CVPR}, 
    title={Bayesian Active Appearance Models}, 
    year={2014}, 
    pages={3438-3445}, 
    doi={10.1109/CVPR.2014.439}, 
}
@article{yacoob1996recognizing,
  title={Recognizing human facial expressions from long image sequences using optical flow},
  author={Yacoob, Yaser and Davis, Larry S},
  journal={IEEE T-PAMI},
  volume={18},
  number={6},
  pages={636--642},
  year={1996},
}
@inproceedings{menpo14,
    author = {Alabort-i\mbox{-Medina}, Joan and Antonakos, Epameinondas and Booth, James and Snape, Patrick and Zafeiriou, Stefanos},
    title = {Menpo: A Comprehensive Platform for Parametric Image Alignment and Visual Deformable Models},
    booktitle = {ACM MM},
    year = {2014},
    url = {http://doi.acm.org/10.1145/2647868.2654890},
    doi = {10.1145/2647868.2654890},
    acmid = {2654890},
} 
@article{beeler2011high,
  title={High-quality passive facial performance capture using anchor frames},
  author={Beeler, Thabo and Hahn, Fabian and Bradley, Derek and Bickel, Bernd and Beardsley, Paul and Gotsman, Craig and Sumner, Robert W and Gross, Markus},
  journal={TOG},
  volume={30},
  number={4},
  pages={75},
  year={2011},
}
@inproceedings{weinzaepfel2013deepflow,
  title={DeepFlow: Large displacement optical flow with deep matching},
  author={Weinzaepfel, Philippe and Revaud, Jerome and Harchaoui, Zaid and Schmid, Cordelia},
  booktitle={ICCV},
  pages={1385--1392},
  year={2013},
}

@article{koelstra2010dynamic,
  title={A dynamic texture-based approach to recognition of facial actions and their temporal models},
  author={Koelstra, Sander and Pantic, Maja and Patras, Ioannis},
  journal={IEEE T-PAMI},
  volume={32},
  number={11},
  pages={1940--1954},
  year={2010},
}
@article{Garrido:2013di,
	title={Reconstructing detailed dynamic face geometry from monocular video},
	journal={TOG},
	author={Garrido, Pablo and Valgaert, Levi and Wu, Chenglei and Theobalt, Christian},
	number={6},
	volume={32},
	year={2013},
	pages={1--10},
}
@article{Brox:2011be,
	title={Large Displacement Optical Flow: Descriptor Matching in Variational Motion Estimation},
	journal={IEEE T-PAMI},
	author={Brox, T and Malik, J},
	number={3},
	volume={33},
	year={2011},
	pages={500--513},
}
@article{Alexander:2013kd,
	title={Digital Ira: creating a real-time photoreal digital actor},
	journal={SIGGRAPH},
	author={Alexander, Oleg and Fyffe, Graham and Busch, Jay and Yu, Xueming and Ichikari, Ryosuke and Jones, Andrew and Debevec, Paul and Jimenez, Jorge and Danvoye, Etienne and Antionazzi, Bernardo and Eheler, Mike and Kysela, Zybnek and von der Pahlen, Javier},
	year={2013},
	pages={1},
}
@inproceedings{Garg:2013gr,
	title={Dense Variational Reconstruction of Non-rigid Surfaces from Monocular Video},
	booktitle={CVPR},
	author={Garg, R and Roussos, A and Agapito, L},
	year={2013},
	pages={1272--1279},
}
@article{RefWorks:227,
	title={Active appearance models revisited},
	journal={IJCV},
	author={Matthews, I and Baker, S},
	year={2004},
}
@article{Anderson:2013dl,
	title={Using Bounded Diameter Minimum Spanning Trees to Build Dense Active Appearance Models},
	journal={IJCV},
	author={Anderson, Robert and Stenger, Björn and Cipolla, Roberto},
	number={1},
	volume={110},
	year={2013},
	pages={48--57},
}
@incollection{Torresani:2002jn,
	publisher={Springer Berlin Heidelberg},
	title={Space-Time Tracking},
	booktitle={Image Analysis and Processing},
	author={Torresani, Lorenzo and Bregler, Christoph},
	year={2002},
	pages={801--812},
	address={Berlin, Heidelberg},
}
@article{Sanchez:2011bz,
	title={Differential optical flow applied to automatic facial expression recognition},
	journal={Neurocomputing},
	author={Sánchez, A and Ruiz, J V and Moreno, A B and Montemayor, A S and Hernández, J and Pantrigo, J J},
	number={8},
	volume={74},
	year={2011},
	pages={1272--1282},
}
@INPROCEEDINGS{6909636, 
    author={Asthana, A. and Zafeiriou, S. and Shiyang Cheng and Pantic, M.}, 
    booktitle={CVPR}, 
    title={Incremental Face Alignment in the Wild}, 
    year={2014}, 
    pages={1859-1866}, 
    doi={10.1109/CVPR.2014.240}, 
}
@INPROCEEDINGS {bristowdefense,
    author    = "H. Bristow and S. Lucey",
    title     = "In Defense of Gradient-Based Alignment on Densely Sampled Sparse Features",
    booktitle = "SpringerBook on Dense Correspondences in Computer Vision",
    year      = "2014"
}
@ARTICLE{7104116, 
    author={Antonakos, E. and Alabort-i\mbox{-Medina}, J. and Tzimiropoulos, G. and Zafeiriou, S.P.}, 
    journal={IEEE TIP}, 
    title={Feature-Based Lucas-Kanade and Active Appearance Models}, 
    year={2015}, 
    volume={24}, 
    number={9}, 
    pages={2617-2632}, 
    doi={10.1109/TIP.2015.2431445}, 
    ISSN={1057-7149}, 
}
@inproceedings{kazemi2014one,
  title={One millisecond face alignment with an ensemble of regression trees},
  author={Kazemi, Vahid and Sullivan, Josephine},
  booktitle={CVPR},
  pages={1867--1874},
  year={2014},
}
@inproceedings{RefWorks:311,
	title={Internet Based Morphable Model},
	booktitle={ICCV},
	author={Kemelmacher-Shlizerman, Ira},
	year={2013},
	pages={3256--3263},
}
@inproceedings{kemelmacher2012collection,
  title={Collection flow},
  author={Kemelmacher-Shlizerman, Ira and Seitz, Steven M},
  booktitle={CVPR},
  pages={1792--1799},
  year={2012},
}
@inproceedings{GSRPCA,
    author = {G. Papamakarios and Y. Panagakis and S. Zafeiriou},
    booktitle = {BMVC},
    title = {Generalised Scalable Robust Principal Component Analysis},
    year = {2014},
}
@incollection{Butler:2012cv,
	publisher={Springer Berlin Heidelberg},
	title={A Naturalistic Open Source Movie for Optical Flow Evaluation},
	booktitle={Image Analysis and Processing},
	author={Butler, Daniel J and Wulff, Jonas and Stanley, Garrett B and Black, Michael J},
	year={2012},
	pages={611--625},
	address={Berlin, Heidelberg},
}
@INPROCEEDINGS{5206788, 
    author={Amberg, B. and Blake, A. and Vetter, T.}, 
    booktitle={CVPR}, 
    title={On compositional Image Alignment, with an application to Active Appearance Models}, 
    year={2009}, 
    pages={1714-1721}, 
    doi={10.1109/CVPR.2009.5206788}, 
    ISSN={1063-6919}, 
}
@inproceedings{Ramnath:2008jj,
	title={Increasing the density of Active Appearance Models},
	booktitle={CVPR},
	author={Ramnath, Krishnan and Baker, Simon and Matthews, Iain and Ramanan, Deva},
	year={2008},
	pages={1--8},
}
@inproceedings{RefWorks:71,
	title={An iterative image registration technique with an application to stereo vision},
	booktitle={AI},
	author={Lucas, Bruce D and Kanade, Takeo},
	year={1981},
}
@article{Hsieh:2010jg,
	title={An Optical Flow-Based Approach to Robust Face Recognition Under Expression Variations},
	journal={IEEE TIP},
	author={Hsieh, Chao-Kuei and Lai, Shang-Hong and Chen, Yung-Chang},
	number={1},
	volume={19},
	year={2010},
	pages={233--240},
}
@inproceedings{Bao:2009gi,
	title={A liveness detection method for face recognition based on optical flow field},
	booktitle={Image Analysis and Signal Processing},
	author={Bao, Wei and Li, Hong and Li, Nan and Jiang, Wei},
	year={2009},
	pages={233--236},
}
@inproceedings{lowe1999object,
  title={Distinctive image features from scale-invariant keypoints},
  author={Lowe, David G},
  booktitle={IJCV},
  number={60},
  volume={2},
  pages={91--100},
  year={2004}
}
@inproceedings{RefWorks:292,
	title={A FACS valid 3D dynamic action unit database with applications to 3D dynamic morphable facial modeling},
	booktitle={ICCV},
	author={Cosker, Darren and Krumhuber, Eva and Hilton, Adrian},
	year={2011},
	pages={2296--2303},
}
@article{Liu:2011jv,
	title={SIFT Flow: Dense Correspondence across Scenes and Its Applications},
	journal={IEEE T-PAMI},
	author={Liu, Ce and Yuen, J and Torralba, A},
	number={5},
	volume={33},
	year={2011},
	pages={978--994},
}
@inproceedings{bu4d,
  title={A high-resolution 3D dynamic facial expression database},
  author={Yin, Lijun and Chen, Xiaochen and Sun, Yi and Worm, Tony and Reale, Michael},
  booktitle={FG},
  pages={1--6},
  year={2008},
  organization={IEEE}
}
@article{Zafeiriou20151,
title = "A survey on face detection in the wild: Past, present and future",
journal = "CVIU",
volume = "138",
pages = "1 - 24",
year = "2015",
note = "",
issn = "1077-3142",
doi = "http://dx.doi.org/10.1016/j.cviu.2015.03.015",
url = "http://www.sciencedirect.com/science/article/pii/S1077314215000727",
author = "Zafeiriou, Stefanos and Zhang, Cha  and Zhang, Zhengyou",
}

@article{Garg:2013hu,
	title={A Variational Approach to Video Registration with Subspace Constraints},
	journal={IJCV},
	author={Garg, Ravi and Roussos, Anastasios and Agapito, Lourdes},
	number={3},
	volume={104},
	year={2013},
	pages={286--314},
}
@incollection{zhang2008spacetime,
  title={Spacetime faces: High-resolution capture for modeling and animation},
  author={Zhang, Li and Snavely, Noah and Curless, Brian and Seitz, Steven M},
  booktitle={Data-Driven 3D Facial Animation},
  pages={248--276},
  year={2008},
  publisher={Springer}
}
@inproceedings{Vetter:1997fi,
	title={A bootstrapping algorithm for learning linear models of object classes},
	booktitle={CVPR},
	author={Vetter, T and Jones, M J and Poggio, T},
	year={1997},
	pages={40--46},
}
@article{RefWorks:95,
	title={Active appearance models},
	journal={IEEE T-PAMI},
	author={Cootes, T F and Edwards, G J and Taylor, C J},
	number={6},
	volume={23},
	year={2001},
	pages={681--685},
}
@inproceedings{Torresani:2001iw,
	title={Tracking and modeling non-rigid objects with rank constraints},
	booktitle={CVPR},
	author={Torresani, L and Yang, D B and Alexander, E J and Bregler, C},
	year={2001},
	pages={--I--500},
}
@article{RefWorks:10,
	title={Lucas-Kanade 20 Years On: A Unifying Framework},
	journal={IJCV},
	author={Baker, Simon and Matthews, Iain},
	number={3},
	volume={56},
	year={2004},
	pages={221--255},
}
@inproceedings{Irani:1999du,
	title={Multi-frame optical flow estimation using subspace constraints},
	booktitle={ICCV},
	author={Irani, M},
	year={1999},
	pages={626--633 vol.1},
}


@article{Sondermann:86,
year={1986},
issn={0039-0631},
journal={Statistische Hefte},
volume={27},
number={1},
doi={10.1007/BF02932555},
title={Best approximate solutions to matrix equations under rank restrictions},
url={http://dx.doi.org/10.1007/BF02932555},
publisher={Springer-Verlag},
author={Sondermann, Dieter},
pages={57-66},
language={English}
}

@article{Luo:92,
year={1992},
issn={0022-3239},
journal={Journal of Optimization Theory and Applications},
volume={72},
number={1},
doi={10.1007/BF00939948},
title={On the convergence of the coordinate descent method for convex differentiable minimization},
url={http://dx.doi.org/10.1007/BF00939948},
keywords={Coordinate descent; convex differentiable optimization; symmetric linear complementarity problems},
author={Luo, Z.Q. and Tseng, P.},
pages={7-35},
language={English}
}
