@inproceedings{Gotardo:2015vo,
author = {Gotardo, Paulo F U and Simon, Tomas and Sheikh, Yaser and Matthews, Iain},
title = {{Photogeometric Scene Flow for High-Detail Dynamic 3D Reconstruction}},
booktitle = ICCV,
year = {2015},
pages = {846--854}
}

@article{vonderPahlen:2014kg,
author = {von der Pahlen, Javier and Jimenez, Jorge and Danvoye, Etienne and Debevec, Paul and Fyffe, Graham and Alexander, Oleg},
title = {{Digital ira and beyond: creating real-time photoreal digital actors}},
journal = TOG,
year = {2014},
pages = {1--384},
month = jul
}

@article{Beeler:2010dg,
author = {Beeler, Thabo and Bickel, Bernd and Beardsley, Paul and Sumner, Bob and Gross, Markus},
title = {{High-quality single-shot capture of facial geometry}},
journal = TOG,
year = {2010},
volume = {29},
number = {4},
pages = {40},
month = jul
}

@article{Klehm:2015jb,
author = {Klehm, Oliver and Rousselle, Fabrice and Papas, Marios and Bradley, Derek and Hery, Christophe and Bickel, Bernd and Jarosz, Wojciech and Beeler, Thabo},
title = {{Recent Advances in Facial Appearance Capture}},
journal = {Computer Graphics Forum},
year = {2015},
volume = {34},
number = {2},
pages = {709--733},
month = may
}

@article{Fyffe:2014hc,
author = {Fyffe, Graham and Jones, Andrew and Alexander, Oleg and Ichikari, Ryosuke and Debevec, Paul},
title = {{Driving High-Resolution Facial Scans with Video Performance Capture}},
journal = TOG,
year = {2014},
volume = {34},
number = {1},
pages = {8--14},
month = dec
}

@article{Beeler:2011ey,
author = {Beeler, Thabo and Hahn, Fabian and Bradley, Derek and Bickel, Bernd and Beardsley, Paul and Gotsman, Craig and Sumner, Robert W and Gross, Markus},
title = {{High-quality passive facial performance capture using anchor frames}},
journal = TOG,
year = {2011},
volume = {30},
number = {4},
pages = {75},
month = aug
}
