% Encoding: UTF-8

@techreport{Ahlberg:1998uk,
author = {Ahlberg, J{\"o}rgen},
title = {{CANDIDE-3 -- an updated parameterized face}},
institution = {Link{\"o}ping University},
year = {1998},
number = {LiTH-ISY-R-2326}
}

@article{Cao:2014gy,
author = {Cao, Chen and Weng, Yanlin and Zhou, Shun and Tong, Yiying and Zhou, Kun},
title = {{FaceWarehouse: A 3D Facial Expression Database for Visual Computing}},
journal = TVCG,
year = {2014},
volume = {20},
number = {3},
pages = {413--425},
month = mar
}

@inproceedings{Huber:F5Dca9zy,
author = {Huber, Patrik and Hu, Guosheng and Tena, Rafael and Mortazavian, Pouria and Koppen, William P and Christmas, William and Raetsch, Matthias and Kittler, Josef},
title = {{A Multiresolution 3D Morphable Face Model and Fitting Framework}},
booktitle = VISIGRAPP,
year = {2016}
}

@article{RefWorks:293,
author = {Zafeiriou, Stefanos and Atkinson, Gary A and Hansen, Mark F and Smith, William A P and Argyriou, Vasileios and Petrou, Maria and Smith, Melvyn L and Smith, Lyndon N},
title = {{Face Recognition and Verification Using Photometric Stereo: The Photoface Database and a Comprehensive Evaluation}},
journal = TIFS,
year = {2013},
volume = {8},
number = {1},
pages = {121--135},
annote = {ID: 1}
}

@techreport{Rydfalk:1987tg,
author = {Rydfalk, Mikael},
title = {{CANDIDE, A parameterized face}},
institution = {Link{\"o}ping University},
year = {1987},
number = {LiTH-ISY-I-0866}
}

@article{stratou2012exploring,
title={Exploring the effect of illumination on automatic expression recognition using the ICT-3DRFE database},
author={Stratou, Giota and Ghosh, Abhijeet and Debevec, Paul and Morency, Louis-Philippe},
journal=IMAVIS,
volume={30},
number={10},
pages={728--737},
year={2012},
publisher={Elsevier}
}

@InProceedings{Savran:2008gg,
author =    {Savran, Arman and Aly{\"u}z, Ne{\c s}e and Dibeklio{\u{g}}lu, Hamdi and {\c C}eliktutan, Oya and G{\"o}kberk, Berk and Sankur, B{\"u}lent and Akarun, Lale},
title =     {{Bosphorus Database for 3D Face Analysis}},
booktitle = {Proceedings of the First European Workshop on Biometrics and Identity Management },
year =      {2008},
volume =    {5372},
number =    {Chapter 6},
pages =     {47--56}
}

@inproceedings{yin2008high,
title={A high-resolution 3D dynamic facial expression database},
author={Yin, Lijun and Chen, Xiaochen and Sun, Yi and Worm, Tony and Reale, Michael},
booktitle=FG,
pages={1--6},
year={2008},
organization={IEEE}
}

@article{Troje:1996ep,
author = {Troje, Nikolaus F and B{\"u}lthoff, Heinrich H},
title = {{Face recognition under varying poses: The role of texture and shape}},
journal = {Vision research},
year = {1996},
volume = {36},
number = {12},
pages = {1761--1771}
}

@inproceedings{Yin:2006cc,
author = {Yin, Lijun and Wei, Xiaozhou and Sun, Yi and Wang, Jun and Rosato, Matthew J},
title = {{A 3D Facial Expression Database For Facial Behavior Research}},
booktitle = FG,
year = {2006},
pages = {211--216},
organization = {Binghamton University State University of New York},
publisher = {IEEE Computer Society},
month = apr
}

@article{Zhang:2014id,
author = {Zhang, X and Yin, L and Cohn, J F and Canavan, S and Reale, M},
title = {{BP4D-Spontaneous: a high-resolution spontaneous 3D dynamic facial expression database}},
journal = IMAVIS,
year = {2014},
volume = {32},
number = {10},
pages = {692--706}
}

