@article{williams2002connection,
title={On a connection between kernel PCA and metric multidimensional scaling},
author={Williams, Christopher KI},
journal={Machine Learning},
volume={46},
number={1-3},
pages={11--19},
year={2002},
publisher={Springer}
}

@article{kwok2004pre,
author={JT-Y Kwok and IW-H Tsang},
year={2004},
title={The pre-image problem in kernel methods},
journal=TNN,
volume={15},
number={6},
pages={1517-1525}
}

@article{fletcher2004principal,
author={P. Thomas Fletcher and Conglin Lu and Stephen M. Pizer and Sarang Joshi},
year={2004},
title={Principal geodesic analysis for the study of nonlinear statistics of shape},
journal=TMI,
volume={23},
number={8},
pages={995-1005}
}

@article{pennec2006intrinsic,
author={Xavier Pennec},
year={2006},
title={Intrinsic statistics on Riemannian manifolds: Basic tools for geometric measurements},
journal={Journal of Mathematical Imaging and Vision},
volume={25},
number={1},
pages={127-154}
}

@article{tzimiropoulos2012subspace,
author={G. Tzimiropoulos and S. Zafeiriou and M. Pantic},
year={2012},
month={dec.},
title={Subspace Learning from Image Gradient Orientations},
journal=TPAMI,
volume={34},
number={12},
pages={2454},
isbn={0162-8828}
}