@article{Liao:2010fy,
author = {Liao, Wei-Kai and Fidaleo, Douglas and Medioni, Gerard},
title = {{Robust, Real-Time 3D Face Tracking from a Monocular View}},
journal = EUR_IVP,
year = {2010},
volume = {2010},
number = {1},
pages = {1--15}
}

@inproceedings{Wang:2011kr,
author = {Wang, Chaohui and Zeng, Yun and Simon, Loic and Kakadiaris, Ioannis and Samaras, Dimitris and Paragios, Nikos},
title = {{Viewpoint invariant 3D landmark model inference from monocular 2D images using higher-order priors}},
booktitle = ICCV,
year = {2011},
pages = {319--326},
organization = {Ecole Centrale Paris},
publisher = {IEEE Computer Society},
month = nov
}

@article{Matthews:2007gb,
author = {Matthews, Iain and Xiao, Jing and Baker, Simon},
title = {{2D vs. 3D Deformable Face Models: Representational Power, Construction, and Real-Time Fitting}},
journal = IJCV,
year = {2007},
volume = {75},
number = {1},
pages = {93--113},
month = oct
}

@article{Garrido:2013dia,
author = {Garrido, Pablo and Valgaert, Levi and Wu, Chenglei and Theobalt, Christian},
title = {{Reconstructing detailed dynamic face geometry from monocular video}},
journal = TOG,
year = {2013},
volume = {32},
number = {6},
pages = {158--10},
month = nov
}

@article{Ramnath:2008jp,
author = {Ramnath, Krishnan and Koterba, Seth and Xiao, Jing and Hu, Changbo and Matthews, Iain and Baker, Simon and Cohn, Jeffrey and Kanade, Takeo},
title = {{Multi-View AAM Fitting and Construction}},
journal = IJCV,
year = {2008},
volume = {76},
number = {2},
pages = {260--274},
month = feb
}

@inproceedings{Jourabloo:2015dw,
author = {Jourabloo, Amin and Liu, Xiaoming},
title = {{Pose-Invariant 3D Face Alignment}},
booktitle = ICCV,
year = {2015},
pages = {3694--3702},
publisher = {IEEE}
}

@article{Martins:2013hp,
author = {Martins, Pedro and Caseiro, Rui and Batista, Jorge},
title = {{Generative face alignment through 2.5D active appearance models}},
journal = CVIU,
year = {2013},
volume = {117},
number = {3},
pages = {250--268},
month = mar
}

@article{Cao:2014bi,
author = {Cao, Chen and Hou, Qiming and Zhou, Kun},
title = {{Displaced dynamic expression regression for real-time facial tracking and animation}},
journal = TOG,
year = {2014},
volume = {33},
number = {4},
pages = {43--10},
month = jul
}

@article{Zhu:2015ur,
author = {Zhu, Xiangyu and Lei, Zhen and Liu, Xiaoming and Shi, Hailin and Li, Stan Z},
title = {{Face Alignment Across Large Poses: A 3D Solution}},
year = {2015},
eprint = {1511.07212},
eprinttype = {arxiv},
month = nov
}

@article{Cao:2015gy,
author = {Cao, Chen and Bradley, Derek and Zhou, Kun and Beeler, Thabo},
title = {{Real-time high-fidelity facial performance capture}},
journal = TOG,
year = {2015},
volume = {34},
number = {4},
pages = {46--46:9},
month = jul
}

@article{Cao:2013cd,
author = {Cao, Chen and Weng, Yanlin and Lin, Stephen and Zhou, Kun},
title = {{3D shape regression for real-time facial animation}},
journal = TOG,
year = {2013},
volume = {32},
number = {4},
pages = {41},
month = jul
}

@inproceedings{Jeni:2015ft,
author = {Jeni, Laszlo A and Cohn, Jeffrey F and Kanade, Takeo},
title = {{Dense 3D face alignment from 2D videos in real-time}},
booktitle = FG,
year = {2015},
pages = {1--8},
publisher = {IEEE}
}

@inproceedings{LieGu:jj,
author = {Lie Gu and Kanade, T},
title = {{3D Alignment of Face in a Single Image}},
booktitle = CVPR,
pages = {1305--1312},
year = {2006},
publisher = {IEEE}
}

@inproceedings{RefWorks:290,
author = {Kemelmacher-Shlizerman, Ira and Seitz, Steven M},
title = {{Collection flow}},
booktitle = CVPR,
year = {2012},
pages = {1792--1799},
publisher = {IEEE}
}

@article{Chai:2015dq,
author = {Chai, Menglei and Luo, Linjie and Sunkavalli, Kalyan and Carr, Nathan and Hadap, Sunil and Zhou, Kun},
title = {{High-quality hair modeling from a single portrait photo}},
journal = TOG,
year = {2015},
volume = {34},
number = {6},
pages = {204--10},
}

@inproceedings{Xing:2014ts,
author = {Xing, Junliang and Niu, Zhiheng and Huang, Junshi and Hu, Weiming and Yan, Shuicheng},
title = {{Towards Multi-view and Partially-Occluded Face Alignment}},
booktitle = CVPR,
month = jun
}

@article{Yang:2011gj,
author = {Yang, Fei and Wang, Jue and Shechtman, Eli and Bourdev, Lubomir and Metaxas, Dimitri},
title = {{Expression flow for 3D-aware face component transfer}},
journal = TOG,
year = {2011},
volume = {30},
number = {4},
pages = {60},
}

