@inproceedings{tzimiropoulos2011robust,
title={Robust and efficient parametric face alignment},
author={Tzimiropoulos, Georgios and Zafeiriou, Stefanos and Pantic, Maja},
booktitle=ICCV,
pages={1847--1854},
year={2011},
organization={IEEE}
}

@inproceedings{cootes2001representing,
title={On representing edge structure for model matching},
author={Cootes, Timothy F and Taylor, Christopher J},
booktitle=CVPR,
volume={1},
pages={I--1114},
year={2001},
organization={IEEE}
}

@inproceedings{lucas1981iterative,
title={An iterative image registration technique with an application to stereo vision.},
author={Lucas, Bruce D and Kanade, Takeo and others},
booktitle=IJCAI,
volume={81},
pages={674--679},
year={1981}
}

@article{baker2004lucas,
title={Lucas-kanade 20 years on: A unifying framework},
author={Baker, Simon and Matthews, Iain},
journal=IJCV,
volume={56},
number={3},
pages={221--255},
year={2004},
publisher={Springer}
}

@article{cootes2001active,
title={Active appearance models},
author={Cootes, Timothy F and Edwards, Gareth J and Taylor, Christopher J},
journal=TPAMI,
number={6},
pages={681--685},
year={2001},
publisher={IEEE}
}

@article{matthews2004active,
title={Active appearance models revisited},
author={Matthews, Iain and Baker, Simon},
journal=IJCV,
volume={60},
number={2},
pages={135--164},
year={2004},
publisher={Springer}
}

