@inproceedings{haber2006intensity,
title={Intensity gradient based registration and fusion of multi-modal images},
author={Haber, Eldad and Modersitzki, Jan},
booktitle=MICCAI,
pages={726--733},
year={2006},
organization={Springer}
}

@article{peng2012rasl,
title={RASL: Robust alignment by sparse and low-rank decomposition for linearly correlated images},
author={Peng, Yigang and Ganesh, Arvind and Wright, John and Xu, Wenli and Ma, Yi},
journal=TPAMI,
volume={34},
number={11},
pages={2233--2246},
year={2012},
publisher={IEEE}
}

@article{evangelidis2008parametric,
title={Parametric image alignment using enhanced correlation coefficient maximization},
author={Evangelidis, Georgios D and Psarakis, Emmanouil Z},
journal=TPAMI,
volume={30},
number={10},
pages={1858--1865},
year={2008},
publisher={IEEE}
}

@article{gross2005generic,
author={Ralph Gross and Iain Matthews and Simon Baker},
year={2005},
title={Generic vs. person specific active appearance models},
journal=IMAVIS,
volume={23},
number={12},
pages={1080-1093}
}

@inproceedings{papandreou2008adaptive,
author={George Papandreou and Petros Maragos},
year={2008},
title={Adaptive and constrained algorithms for inverse compositional active appearance model fitting},
booktitle=CVPR,
publisher={IEEE},
pages={1-8}
}

@article{baker2005lk20yearsonpart5,
author={Simon Baker and Raju Patil and K. Man Cheung and Iain Matthews},
year={2004},
title={Lucas-kanade 20 years on: Part 5},
journal={Robotics Institute, Carnegie Mellon University, Tech.Rep.CMU-RI-TR-04-64}
}

@article{opencv_library,
author = {Bradski, G.},
journal = {Dr. Dobb's Journal of Software Tools},
keywords = {bibtex-import},
posted-at = {2008-01-15 19:21:54},
priority = {4},
title = ,
year = {2000}
}

@article{lucey2013fourier,
title={Fourier lucas-kanade algorithm},
author={Lucey, Simon and Navarathna, Rajitha and Ashraf, Ahmed Bilal and Sridharan, Sridha},
journal=TPAMI,
volume={35},
number={6},
pages={1383--1396},
year={2013},
publisher={IEEE}
}

@inproceedings{bertalmio2001navier,
title={Navier-stokes, fluid dynamics, and image and video inpainting},
author={Bertalmio, Marcelo and Bertozzi, Andrea L and Sapiro, Guillermo},
booktitle=CVPR,
volume={1},
pages={I--355},
year={2001},
organization={IEEE}
}