% Encoding: UTF-8

@article{roy2003facereconstruction,
author = {Roy-Chowdhury, Amit K and Chellappa, Rama},
title = {{Face reconstruction from monocular video using uncertainty analysis and a generic model}},
journal = CVIU,
year = {2003},
volume = {91},
number = {1-2},
pages = {188--213},
month = jul
}

@inproceedings{rara2011model,
title={{Model-based 3D shape recovery from single images of unknown pose and illumination using a small number of feature points}},
author={{Rara, Ham M and Farag, Aly A and Davis, Todd}},
booktitle=IJCB,
pages={1--7},
year={2011},
organization={IEEE}
}

@inproceedings{ferrari2015dictionary,
title={Dictionary Learning based 3D Morphable Model Construction for Face Recognition with Varying Expression and Pose},
author={Ferrari, Claudio and Lisanti, Giuseppe and Berretti, Stefano and Del Bimbo, Alberto},
booktitle=THREEDV,
pages={509--517},
year={2015},
organization={IEEE}
}

@inproceedings{kouzani1998example,
title={Example-based shape from shading: 3D heads form 2D face images},
author={Kouzani, AZ and He, Fangpo and Sammut, Karl},
booktitle={International Conference on Systems, Man, and Cybernetics},
volume={4},
pages={4092--4097},
year={1998},
organization={IEEE}
}

@inproceedings{Dou:2014fr,
author = {Dou, Pengfei and Wu, Yuhang and Shah, Shishir and Kakadiaris, Ioannis},
title = {{Robust 3D Face Shape Reconstruction from Single Images via Two-Fold Coupled Structure Learning and Off-the-Shelf Landmark Detectors}},
booktitle = BMVC,
year = {2014},
pages = {131.1--131.13}
}

@article{Garrido:2013dia,
author = {Garrido, Pablo and Valgaert, Levi and Wu, Chenglei and Theobalt, Christian},
title = {{Reconstructing detailed dynamic face geometry from monocular video}},
journal = TOG,
year = {2013},
volume = {32},
number = {6},
pages = {158--10},
month = nov
}

@inproceedings{yang2012face,
title={Face morphing using 3D-aware appearance optimization},
author={Yang, Fei and Shechtman, Eli and Wang, Jue and Bourdev, Lubomir and Metaxas, Dimitris},
booktitle={Proceedings of Graphics Interface},
pages={93--99},
year={2012},
organization={Canadian Information Processing Society}
}

@article{Yang:2011gj,
author = {Yang, Fei and Wang, Jue and Shechtman, Eli and Bourdev, Lubomir and Metaxas, Dimitri},
title = {{Expression flow for 3D-aware face component transfer}},
journal = TOG,
year = {2011},
volume = {30},
number = {4},
pages = {60},
}

@article{jo2015single,
title={Single-view-based 3D facial reconstruction method robust against pose variations},
author={Jo, Jaeik and Choi, Heeseung and Kim, Ig-Jae and Kim, Jaihie},
journal=PR,
volume={48},
number={1},
pages={73--85},
year={2015},
publisher={Elsevier}
}

@article{mena20093d,
title={3D face computational photography using PCA spaces},
author={Mena-Chalco, Jes{\'u}s P and Mac{\^e}do, Ives and Velho, Luiz and Cesar Jr, Roberto M},
journal={The Visual Computer},
volume={25},
number={10},
pages={899--909},
year={2009},
publisher={Springer}
}

@article{zhang20023,
title={3-D face structure extraction and recognition from images using 3-D morphing and distance mapping},
author={Zhang, Chongzhen and Cohen, Fernand S},
journal=TIP,
volume={11},
number={11},
pages={1249--1259},
year={2002},
publisher={IEEE}
}

@article{ho2001facial,
title={Facial modeling from an uncalibrated face image using a coarse-to-fine genetic algorithm},
author={Ho, Shinn-Ying and Huang, Hui-Ling},
journal=PR,
volume={34},
number={5},
pages={1015--1031},
year={2001},
publisher={Elsevier}
}

@inproceedings{xing2004automatic,
title={Automatic 3D facial model reconstruction from single front-view image},
author={Xing, Yanchao and Guo, Chunxia and Tan, Zheng},
booktitle={International Conference On Virtual Reality and Its Applications in Industry},
pages={149--152},
year={2004}
}

@article{sarris2001building,
title={Building three dimensional head models},
author={Sarris, Nikos and Grammalidis, Nikos and Strintzis, Michael G},
journal={Graphical Models},
volume={63},
number={5},
pages={333--368},
year={2001},
publisher={Elsevier}
}

@article{jiang2005efficient,
title={Efficient 3D reconstruction for face recognition},
author={Jiang, Dalong and Hu, Yuxiao and Yan, Shuicheng and Zhang, Lei and Zhang, Hongjiang and Gao, Wen},
journal=PR,
volume={38},
number={6},
pages={787--798},
year={2005},
publisher={Elsevier}
}

@inproceedings{yan1998deformable,
title={Deformable model-based generation of realistic 3-D specific human face},
author={Yan, Jie and Gao, Wen and Yin, Baocai and Song, Yibo},
booktitle={International Conference on Signal Processing},
volume={2},
pages={857--860},
year={1998},
organization={IEEE}
}

@inproceedings{rara2009model,
title={Model-based shape recovery from single images of general and unknown lighting},
author={Rara, Ham and Elhabian, Shireen and Starr, Thomas and Farag, Aly},
booktitle=ICIP,
pages={517--520},
year={2009},
organization={IEEE}
}

@incollection{ahmed2007new,
title={A new statistical model combining shape and spherical harmonics illumination for face reconstruction},
author={Ahmed, Abdelrehim and Farag, Aly},
booktitle={International Symposium on Visual Computing},
pages={531--541},
year={2007},
publisher={Springer}
}

@inproceedings{rara2010face,
title={{3d face recovery from intensities of general and unknown lighting using partial least squares}},
author={{Rara, Ham and Elhabian, Shireen and Starr, Thomas and Farag, Aly}},
booktitle=ICIP,
pages={4041--4044},
year={2010},
organization={IEEE}
}

@inproceedings{yan2000synthesized,
title={Synthesized virtual view-based eigenspace for face recognition},
author={Yan, Jie and Zhang, Hongjiang},
booktitle={Proceedings of the Applications of Computer Vision Workshop},
pages={85--90},
year={2000},
organization={IEEE}
}

# segment into smaller subsequences, two stage iterative method, first
# stage camera  and model pose are estimated. Second stage model-based 3d flow
# to improve 2d correspondences. Initialised by face alignment in first frame
# followed by klt tracker
@inproceedings{xin2005automatic,
title={Automatic 3D face modeling from video},
author={Xin, Le and Wang, Qiang and Tao, Jianhua and Tang, Xiaoou and Tan, Tieniu and Shum, Harry},
booktitle=CVPR,
volume={2},
pages={1193--1199},
year={2005},
organization={IEEE}
}

# Multiple uncalibrated images - deform model based on points
@inproceedings{park2004image,
title={Image-based photorealistic 3-D face modeling},
author={Park, In Kyu and Zhang, Hui and Vezhnevets, Vladimir and Choh, Heui-Keun},
booktitle=FG,
pages={49--54},
year={2004},
organization={IEEE}
}

# SfM
@inproceedings{dimitrijevic2004accurate,
title={Accurate face models from uncalibrated and ill-lit video sequences},
author={Dimitrijevic, Miodrag and Ilic, Slobodan and Fua, Pascal},
booktitle=CVPR,
volume={2},
pages={II--1034},
year={2004},
organization={IEEE}
}

# SFM
@inproceedings{zhang2006minimum,
title={Minimum variance estimation of 3D face shape from multi-view},
author={Zhang, Zhenqiu and Hu, Yuxiao and Yu, Tianli and Huang, Thomas},
booktitle=FG,
pages={547--552},
year={2006},
organization={IEEE}
}

@article{zeng2016examplar,
title={Examplar Coherent 3D Face Reconstruction from Forensic Mugshot Database},
author={Zeng, Dan and Zhao, Qijun and Long, Shuqin and Li, Jing},
journal=IMAVIS,
year={2016},
publisher={Elsevier}
}

@inproceedings{Hassner:2006ue,
author = {Hassner, Tal and Basri, Ronen},
title = {{Example Based 3D Reconstruction from Single 2D Images}},
booktitle = CVPRW,
year = {2006},
organization = {Weizmann Institute of Science Israel},
publisher = {IEEE Computer Society},
month = jun
}

@article{Lei:2008dd,
author = {Lei, Zhen and Bai, Qinqun and He, Ran and Li, S Z},
title = {{Face shape recovery from a single image using CCA mapping between tensor spaces}},
journal = CVPR,
year = {2008},
pages = {1--7}
}

@article{peng20163d,
title={3D face modeling based on structure optimization and surface reconstruction with B-Spline},
author={Peng, Weilong and Xu, Chao and Feng, Zhiyong},
journal=NC,
volume={179},
pages={228--237},
year={2016},
publisher={Elsevier}
}

@Article{minsik2013robust,
author =  {{Lee, Minsik and Choi, Chong-Ho}},
title =   {{A robust real-time algorithm for facial shape recovery from a single image containing cast shadow under general, unknown lighting}},
journal = PR,
year =    {2013},
volume =  {46},
number =  {1},
pages =   {38--44},
month =   jan
}

@Article{minsik2014realtime,
author =  {Lee, Minsik and Choi, Chong-Ho},
title =   {{Real-time facial shape recovery from a single image under general, unknown lighting by rank relaxation}},
journal = CVIU,
year =    {2014},
volume =  {120},
pages =   {59--69},
month =   mar
}

@inproceedings{vasilescu2003multilinear,
title={Multilinear subspace analysis of image ensembles},
author={Vasilescu, M Alex O and Terzopoulos, Demetri},
booktitle=CVPR,
volume={2},
pages={II--93},
year={2003},
organization={IEEE}
}

@inproceedings{Meng:2014gu,
author = {Meng, Changming and Zhou, Fan and Wang, Ruomei},
title = {{A Fast 3-D Face Reconstruction Method}},
booktitle = {International Conference on Digital Home},
year = {2014},
pages = {146--150},
publisher = {IEEE}
}

@article{castelan2007coupled,
author = {Castelan, Mario and Smith, William A P and Hancock, Edwin R},
title = {{A Coupled Statistical Model for Face Shape Recovery From Brightness Images}},
journal = TIP,
year = {2007},
volume = {16},
number = {4},
pages = {1139--1151},
annote = {ID: 1}
}

@inproceedings{Reiter:2006fv,
author = {Reiter, Michael and Donner, R and Langs, Georg and Bischof, Horst},
title = {{3D and Infrared Face Reconstruction from RGB data using Canonical Correlation Analysis}},
booktitle = ICPR,
year = {2006},
pages = {425--428},
publisher = {IEEE}
}

@inproceedings{hassner2013viewing,
title={Viewing real-world faces in 3D},
author={Hassner, Tal},
booktitle=ICCV,
pages={3607--3614},
year={2013}
}

