@inproceedings{RefWorks:96,
author = {Blanz, Volker and Vetter, Thomas},
title = {{A morphable model for the synthesis of 3D faces}},
booktitle = {In Proceedings of SIGGRAPH},
year = {1999},
pages = {187--194}
}
