@inproceedings{Lengagne:1996ej,
author = {Lengagne, R and Tarel, J P and Monga, O},
booktitle=FG,
title = {{From 2D images to 3D face geometry}},
year = {1996}
}

@inproceedings{Leclercq:2005ee,
author = {Leclercq, Ph and Liu, J and Woodward, A and Delmas, P},
title = {{Which Stereo Matching Algorithm for Accurate 3D Face Creation?}},
booktitle = IWCIA,
year = {2005},
pages = {690--704}
}

@phdthesis{Zhang:2005ww,
author = {Zhang, Li},
title = {{Spacetime stereo and its applications}},
school = {University of Washington},
year = {2005},
address = {University of Washington},
}

@article{Lengagne:2000jt,
author = {Lengagne, R and Fua, P and Monga, O},
title = {{3D stereo reconstruction of human faces driven by differential constraints}},
journal = IMAVIS,
year = {2000},
volume = {18},
number = {4},
pages = {337--343},
}

