@inproceedings{Chrysos:2015gt,
author = {Chrysos, Grigoris and Antonakos, Epameinondas and Zafeiriou, Stefanos and Snape, Patrick},
title = {{Offline Deformable Face Tracking in Arbitrary Videos}},
booktitle = ICCVW,
year = {2015},
pages = {954--962},
publisher = {IEEE}
}

@inproceedings{menpo14,
author = {Alabort-i-Medina, Joan and Antonakos, Epameinondas and Booth, James and Snape, Patrick and Zafeiriou, Stefanos},
title = {{Menpo: A Comprehensive Platform for Parametric Image Alignment and Visual Deformable Models.}},
booktitle = ACMMM,
year = {2014},
organization = {ACM}
}

@inproceedings{Snape:2015hj,
author = {Snape, Patrick and Roussos, Anastasios and Panagakis, Yannis and Zafeiriou, Stefanos},
title = {{Face Flow}},
booktitle = ICCV,
year = {2015},
pages = {2993--3001},
publisher = {IEEE}
}

@inproceedings{Snape:2015gl,
author = {Snape, Patrick and Panagakis, Yannis and Zafeiriou, Stefanos},
title = {{Automatic construction Of robust spherical harmonic subspaces}},
booktitle = CVPR,
year = {2015},
pages = {91--100},
publisher = {IEEE}
}

@inproceedings{Snape:2014de,
author = {Snape, Patrick and Zafeiriou, Stefanos},
title = {{Kernel-PCA Analysis of Surface Normals for Shape-from-Shading}},
booktitle = CVPR,
year = {2014},
pages = {1059--1066},
publisher = {IEEE}
}

@article{snape2016volumetric,
author = {Snape, Patrick and Pszczolkowski, Stefan and Zafeiriou, Stefanos and Tzimiropoulos, Georgios and Ledig, Christian and Rueckert, Daniel},
journal = IMAVIS,
title = {A Robust Similarity Measure for Volumetric Image Registration with Outliers},
year = {2016},
publisher={Elsevier}
}

@inproceedings{trigeorgis2016mnemonic,
author = {Trigeorgis, George and Snape, Patrick and Nicolaou, Mihalis A. and Antonakos, Epameinondas and Zafeiriou, Stefanos},
booktitle = CVPR,
title = {Mnemonic Descent Method: A recurrent process applied for end-to-end face alignment},
year = {2016},
publisher = {IEEE}
}

@inproceedings{antonakos2016adaptive,
author = {Antonakos, Epameinondas and Snape, Patrick and Trigeorgis, George and Zafeiriou, Stefanos},
booktitle = ICIP,
title = {Adaptive Cascaded Regression},
year = {2016},
publisher = {IEEE}
}
