@book{gibson1950perception,
  title={The perception of the visual world.},
  author={Gibson, James J},
  year={1950},
  publisher={Houghton Mifflin}
}

@article{horn1981determining,
  title={Determining optical flow},
  author={Horn, Berthold K and Schunck, Brian G},
  booktitle={Artifical Intelligence},
  pages={319--331},
  year={1981},
  publisher={Elsevier}
}