@article{basri2007photometric,
  title={Photometric stereo with general, unknown lighting},
  author={Basri, Ronen and Jacobs, David and Kemelmacher, Ira},
  journal=IJCV,
  volume={72},
  number={3},
  pages={239--257},
  year={2007},
  publisher={Springer}
}

@inproceedings{KemelmacherShlizerman:2013iv,
author = {Kemelmacher-Shlizerman, Ira},
title = {{Internet Based Morphable Model}},
booktitle = ICCV,
year = {2013},
pages = {3256--3263},
publisher = {IEEE}
}
