% Uses the scanner of weise2007fast
@inproceedings{Weise:2009hr,
author = {Weise, Thibaut and Li, Hao and Van Gool, Luc and Pauly, Mark},
title = {{Face/Off: live facial puppetry}},
booktitle = {SIGGRAPH/Eurographics Symposium on Computer Animation},
year = {2009},
pages = {7--16},
organization = {Swiss Federal Institute of Technology, Zurich},
publisher = {ACM},
month = aug
}

% Alignment - fits model then refines
@article{GARRIDO:wc,
author = {Garrido, Pablo and Ofer, M Z and Casa, Dan and Valgaerts, L},
title = {{Reconstruction of Personalized 3D Face Rigs from Monocular Video}},
journal = TOG,
year = {2016}
}

% Uses his other paper
@inproceedings{Suwajanakorn:2015gf,
author = {Suwajanakorn, Supasorn and Seitz, Steven M and Kemelmacher-Shlizerman, Ira},
title = {{What Makes Tom Hanks Look Like Tom Hanks}},
booktitle = ICCV,
year = {2015},
pages = {3952--3960},
publisher = {IEEE}
}

% Alignment
@inproceedings{thies2016face,
author = {Thies, J and Zollh{\"o}fer, M and Stamminger, M and Theobalt, C and Nie{\ss}ner, M},
title = {{Face2Face: Real-time Face Capture and Reenactment of RGB Videos}},
booktitle = CVPR,
year = {2016}
}

% Head-mounted stereo with drawn markers.
@inproceedings{bhat2013high,
title={High fidelity facial animation capture and retargeting with contours},
author={Bhat, Kiran S and Goldenthal, Rony and Ye, Yuting and Mallet, Ronald and Koperwas, Michael},
booktitle={{ACM} SIGGRAPH/Eurographics Symposium on Computer Animation},
pages={7--14},
year={2013},
organization={ACM}
}

%%%%%%%%%%%%%%%%%%%%%%%%%%%%%%%%%%%%%%%%%%%%%%%%%%%%%%%%%%%% Performance Capture
@article{Beeler:2011ey,
author = {Beeler, Thabo and Hahn, Fabian and Bradley, Derek and Bickel, Bernd and Beardsley, Paul and Gotsman, Craig and Sumner, Robert W and Gross, Markus},
title = {{High-quality passive facial performance capture using anchor frames}},
journal = TOG,
year = {2011},
volume = {30},
number = {4},
pages = {75},
month = aug
}