@inproceedings{Kazemi:2014hx,
author = {Kazemi, Vahid and Keskin, Cem and Taylor, Jonathan and Kohli, Pushmeet and Izadi, Shahram},
title = {{Real-Time Face Reconstruction from a Single Depth Image}},
booktitle = THREEDV,
year = {2014},
pages = {369--376},
publisher = {IEEE}
}

@article{Thies:2015ho,
author = {Thies, Justus and Zollh{\"o}fer, Michael and Nie{\ss}ner, Matthias and Valgaerts, Levi and Stamminger, Marc and Theobalt, Christian},
title = {{Real-time expression transfer for facial reenactment}},
journal = TOG,
year = {2015},
volume = {34},
number = {6},
pages = {1--14},
month = nov
}

@inproceedings{liang20143d,
title={3D face hallucination from a single depth frame},
author={Liang, Shu and Kemelmacher-Shlizerman, Ira and Shapiro, Linda G},
booktitle=THREEDV,
volume={1},
pages={31--38},
year={2014},
organization={IEEE}
}
