@inproceedings{Gupta:2004cw,
author = {Gupta, H and RoyChowdhury, A K and Chellapa, R},
title = {{Contour-based 3D Face Modeling from a Monocular Video}},
booktitle = BMVC,
year = {2004},
pages = {39.1--39.10},
publisher = {British Machine Vision Association}
}

@article{SanchezEscobedo:2016iq,
author = {S{\'a}nchez-Escobedo, Dalila and Castel{\'a}n, Mario and Smith, William A P},
title = {{Statistical 3D face shape estimation from occluding contours}},
journal = CVIU,
year = {2016},
volume = {142},
number = {C},
pages = {111--124},
}
