% Encoding: UTF-8

@inproceedings{Agudo:2015is,
author = {Agudo, Antonio and Moreno-Noguer, Francesc},
title = {{Learning Shape, Motion and Elastic Models in Force Space}},
booktitle = ICCV,
year = {2015},
pages = {756--764},
publisher = {IEEE}
}

@InProceedings{Agudo:wf,
author =    {Agudo, A and Montiel, JMM and Calvo, B and Moreno-Noguer, F},
title =     {{Mode-Shape Interpretation: Re-Thinking Modal Space for Recovering Deformable Shapes}},
booktitle = WACV,
year =      {2016}
}

@inproceedings{agudo2014online,
title={Online Dense Non-Rigid 3D Shape and Camera Motion Recovery.},
author={Agudo, Antonio and Montiel, JMM and de Agapito, Lourdes and Calvo, Bego{\~n}a},
booktitle=BMVC,
year={2014}
}

@inproceedings{fragkiadaki2014grouping,
title={Grouping-based low-rank trajectory completion and 3D reconstruction},
author={Fragkiadaki, Katerina and Salas, Marta and Arbelaez, Pablo and Malik, Jitendra},
booktitle=NIPS,
pages={55--63},
year={2014}
}

@article{fua2000regularized,
title={Regularized bundle-adjustment to model heads from image sequences without calibration data},
author={Fua, Pascal},
journal=IJCV,
volume={38},
number={2},
pages={153--171},
year={2000},
publisher={Springer}
}

@inproceedings{kun2004realistic,
title={Realistic face modeling with robust correspondences},
author={Kun, Wang and Nanning, Zheng},
booktitle={International Conference on Information Visualisation},
pages={997--1002},
year={2004},
organization={IEEE}
}

@techreport{kang1997structure,
title={A Structure from Motion Approach using Constrained Deformable Models and Appearance Prediction},
author={Kang, Sing Bing},
year={1997},
institution={Cambridge Research Laboratory}
}

@inproceedings{shan2001model,
title={Model-based bundle adjustment with application to face modeling},
author={Shan, Ying and Liu, Zicheng and Zhang, Zhengyou},
booktitle=ICCV,
volume={2},
pages={644--651},
year={2001},
organization={IEEE}
}

@book{hartley2003multiple,
title={Multiple view geometry in computer vision},
author={Hartley, Richard and Zisserman, Andrew},
year={2003},
publisher={Cambridge university press}
}

@incollection{triggs1999bundle,
title={Bundle Adjustment - A Modern Synthesis},
author={Triggs, Bill and McLauchlan, Philip F and Hartley, Richard I and Fitzgibbon, Andrew W},
booktitle={International Workshop on Vision Algorithms},
pages={298--372},
year={1999},
publisher={Springer}
}

@book{ullman1979interpretation,
title={The interpretation of visual motion.},
author={Ullman, Shimon},
year={1979},
publisher={Massachusetts Inst of Technology Pr}
}

@article{tomasi1992shape,
title={Shape and motion from image streams under orthography: a factorization method},
author={Tomasi, Carlo and Kanade, Takeo},
journal=IJCV,
volume={9},
number={2},
pages={137--154},
year={1992},
publisher={Springer}
}

@inproceedings{bregler2000recovering,
title={Recovering non-rigid 3D shape from image streams},
author={Bregler, Christoph and Hertzmann, Aaron and Biermann, Henning},
booktitle=CVPR,
volume={2},
pages={690--696},
year={2000},
organization={IEEE}
}

@inproceedings{agarwal2009building,
title={Building rome in a day},
author={Agarwal, Sameer and Snavely, Noah and Simon, Ian and Seitz, Steven M and Szeliski, Richard},
booktitle=ICCV,
pages={72--79},
year={2009},
organization={IEEE}
}

@inproceedings{garg2013dense,
title={Dense variational reconstruction of non-rigid surfaces from monocular video},
author={Garg, Ravi and Roussos, Anastasios and Agapito, Lourdes},
booktitle=CVPR,
pages={1272--1279},
year={2013}
}

@article{GonzalezMora:2010cr,
author = {Gonzalez-Mora, Jose and De la Torre, Fernando and Guil, Nicolas and Zapata, Emilio L},
title = {{Learning a generic 3D face model from 2D image databases using incremental Structure-from-Motion}},
journal = IMAVIS,
year = {2010},
volume = {28},
number = {7},
pages = {1063--1064},
month = jul
}

@article{Lee:2011ea,
author = {Lee, Sung Joo and Park, Kang Ryoung and Kim, Jaihie},
title = {{A SfM-based 3D face reconstruction method robust to self-occlusion by using a shape conversion matrix}},
journal = PR,
year = {2011},
volume = {44},
number = {7},
pages = {1470--1486},
month = jul
}

@inproceedings{Lee:2013uq,
author = {Lee, Minsik and Cho, Jungchan and Choi, Chong-Ho and Oh, Songhwai},
title = {{Procrustean Normal Distribution for Non-rigid Structure from Motion}},
booktitle = CVPR,
year = {2013},
pages = {1280--1287},
publisher = {IEEE Computer Society},
month = jun
}

@InProceedings{Lee:kg,
author =    {Lee, Minsik and Choi, Chong-Ho and Oh, Songhwai},
title =     {{A Procrustean Markov Process for Non-rigid Structure Recovery}},
booktitle = CVPR,
year =      {2014},
pages =     {1550--1557},
publisher = {IEEE}
}

@inproceedings{lin2010accurate,
title={Accurate 3D face reconstruction from weakly calibrated wide baseline images with profile contours},
author={Lin, Yuping and Medioni, G{\'e}rard and Choi, Jongmoo},
booktitle=CVPR,
pages={1490--1497},
year={2010},
organization={IEEE}
}

@inproceedings{newcombe2011dtam,
title={DTAM: Dense tracking and mapping in real-time},
author={Newcombe, Richard A and Lovegrove, Steven J and Davison, Andrew J},
booktitle=ICCV,
pages={2320--2327},
year={2011},
organization={IEEE}
}

@inproceedings{torr1998robust,
title={Robust computation and parametrization of multiple view relations},
author={Torr, Phil and Zisserman, Andrew},
booktitle=ICCV,
pages={727--732},
year={1998},
organization={IEEE}
}

