@article{Sirovich:1987te,
author = {Sirovich, L and Kirby, M},
title = {{Low-dimensional procedure for the characterization of human faces.}},
journal = JOPT,
year = {1987},
volume = {4},
number = {3},
pages = {519--524},
month = March
}

@article{RefWorks:314,
author = {Georghiades, Athinodoros S and Belhumeur, Peter N and Kriegman, David},
title = {{From few to many: Illumination cone models for face recognition under variable lighting and pose}},
journal = TPAMI,
year = {2001},
volume = {23},
number = {6},
pages = {643--660}
}

@article{Basri:2003ie,
author = {Basri, R and Jacobs, D W},
title = {{Lambertian reflectance and linear subspaces}},
journal = TPAMI,
year = {2003},
volume = {25},
number = {2},
pages = {218--233},
month = February
}

@article{RefWorks:98,
author = {Turk, Matthew and Pentland, Alex},
title = {{Eigenfaces for recognition}},
journal = COGNEURO,
year = {1991},
volume = {3},
number = {1},
pages = {71--86}
}

@phdthesis{moses1993face,
title={Face recognition: generalization to novel images},
author={Moses, Yael},
school={Weizmann Institute of Science},
year={1993}
}

@article{hayakawa1994photometric,
title={Photometric stereo under a light source with arbitrary motion},
author={Hayakawa, Hideki},
journal=JOPT,
volume={11},
number={11},
pages={3079--3089},
year={1994},
publisher={Optical Society of America}
}

@article{fan1997surface,
title={Surface curvature and shape reconstruction from unknown multiple illumination and integrability},
author={Fan, Joel and Wolff, Lawrence B},
journal=CVIU,
volume={65},
number={2},
pages={347--359},
year={1997},
publisher={Elsevier}
}

@article{yuille1999determining,
title={Determining generative models of objects under varying illumination: Shape and albedo from multiple images using SVD and integrability},
author={Yuille, Alan L and Snow, Daniel and Epstein, Russell and Belhumeur, Peter N},
journal=IJCV,
volume={35},
number={3},
pages={203--222},
year={1999},
publisher={Springer}
}

@article{shashua1997photometric,
title={On photometric issues in 3D visual recognition from a single 2D image},
author={Shashua, Amnon},
journal=IJCV,
volume={21},
number={1-2},
pages={99--122},
year={1997},
publisher={Springer}
}

@inproceedings{Hallinan:1994dz,
author = {Hallinan},
title = {{A low-dimensional representation of human faces for arbitrary lighting conditions}},
booktitle = CVPR,
year = {1994},
pages = {995--999},
publisher = {IEEE}
}

@article{ramamoorthi2002analytic,
  title={Analytic PCA construction for theoretical analysis of lighting variability in images of a Lambertian object},
  author={Ramamoorthi, Ravi},
  journal=TPAMI,
  volume={24},
  number={10},
  pages={1322--1333},
  year={2002},
  publisher={IEEE}
}

@article{ramamoorthi2001relationship,
title={On the relationship between radiance and irradiance: determining the illumination from images of a convex Lambertian object},
author={Ramamoorthi, Ravi and Hanrahan, Pat},
journal=JOPT,
volume={18},
number={10},
pages={2448--2459},
year={2001},
publisher={Optical Society of America}
}

@inproceedings{Garrido:2014gn,
author = {Garrido, Pablo and Valgaerts, Levi and Rehmsen, Ole and Thormaehlen, Thorsten and Perez, Patrick and Theobalt, Christian},
title = {{Automatic Face Reenactment}},
booktitle = CVPR,
year = {2014},
pages = {4217--4224},
publisher = {IEEE}
}

@article{Thies:2015ho,
author = {Thies, Justus and Zollh{\"o}fer, Michael and Nie{\ss}ner, Matthias and Valgaerts, Levi and Stamminger, Marc and Theobalt, Christian},
title = {{Real-time expression transfer for facial reenactment}},
journal = TOG,
year = {2015},
volume = {34},
number = {6},
pages = {183--14},
month = November
}

@inproceedings{Suwajanakorn:2015gf,
author = {Suwajanakorn, Supasorn and Seitz, Steven M and Kemelmacher-Shlizerman, Ira},
title = {{What Makes Tom Hanks Look Like Tom Hanks}},
booktitle = ICCV,
year = {2015},
pages = {3952--3960},
publisher = {IEEE}
}

@incollection{Suwajanakorn:2014bl,
author = {Suwajanakorn, Supasorn and Kemelmacher-Shlizerman, Ira and Seitz, Steven M},
title = {{Total Moving Face Reconstruction}},
booktitle = {Image Analysis and Processing},
year = {2014},
pages = {796--812},
publisher = ECCV,
address = {Cham}
}

@inproceedings{Roth:2015hq,
author = {Roth, Joseph and Yiying Tong and Liu, Xiaoming},
title = {{Unconstrained 3D face reconstruction}},
booktitle = CVPR,
year = {2015},
pages = {2606--2615},
publisher = {IEEE}
}

@article{barron2015shape,
title={Shape, illumination, and reflectance from shading},
author={Barron, Jonathan T and Malik, Jitendra},
journal=TPAMI,
volume={37},
number={8},
pages={1670--1687},
year={2015},
publisher={IEEE}
}

@article{smith2006recovering,
title={Recovering facial shape using a statistical model of surface normal direction},
author={Smith, William AP and Hancock, Edwin R},
journal=TPAMI,
volume={28},
number={12},
pages={1914--1930},
year={2006},
publisher={IEEE}
}

@article{smith2008facial,
title={Facial shape-from-shading and recognition using principal geodesic analysis and robust statistics},
author={Smith, William AP and Hancock, Edwin R},
journal=IJCV,
volume={76},
number={1},
pages={71--91},
year={2008},
publisher={Springer}
}
