@inproceedings{Lee:2003wo,
author = {Lee, Jinho and Moghaddam, Baback and Pfister, Hanspeter and Machiraju, Raghu},
title = {{Silhouette-Based 3D Face Shape Recovery}},
booktitle = GI,
publisher = {A K Peters},
year = {2003}
}

@article{Kim:2013bt,
author = {Kim, Donghoon and Ruttle, Jonathan and Dahyot, Rozenn},
title = {{Bayesian 3D shape from silhouettes}},
journal = DSP,
year = {2013},
volume = {23},
number = {6},
pages = {1844--1855}
}

@inproceedings{Moghaddam:2003ti,
author = {Moghaddam, Baback and Lee, Jinho and Pfister, Hanspeter and Machiraju, Raghu},
title = {{Model-Based 3D Face Capture with Shape-from-Silhouettes}},
booktitle = CVPRW,
year = {2003},
pages = {20}
}
