############################### JOURNALS
@STRING{TPAMI = "{IEEE} Transactions on Pattern Analysis and Machine Intelligence (T-PAMI)"}
@STRING{IJCV = "International Journal of Computer Vision (IJCV)"}
@STRING{TIP = "{IEEE} Transactions in Image Processing (TIP)"}
@STRING{IMAVIS = "Image and Vision Computing"}
@STRING{CVIU = "Computer Vision and Image Understanding"}
@STRING{PR = "Pattern Recognition"}
@STRING{TNNLS = "{IEEE} Transactions on Neural Networks and Learning Systems (T-NN)"}
@STRING{TIFS = "{IEEE} Transactions on Information Forensics and Security"}
@STRING{TCSVT = "{IEEE} Transactions on Circuits and Systems for Video Technology"}
@STRING{JMLR = "Journal of Machine Learning Research"}

############################### CONFERENCES
@STRING{CVPR = "{IEEE} Proceedings of International Conference on Computer Vision and Pattern Recognition (CVPR)"}
@STRING{ACCV = "Asian Conference on Computer Vision (ACCV)"}
@STRING{ICIP = "{IEEE} Proceedings of International Conference on Image Processing (ICIP)"}
@STRING{ICCV = "{IEEE} Proceedings of International Conference on Computer Vision (ICCV)"}
@STRING{ECCV = "Proceedings of European Conference on Computer Vision (ECCV)"}
@STRING{ECCVW = "Proceedings of European Conference on Computer Vision Workshops (ECCV'W)"}
@STRING{ICCVW = "{IEEE} Proceedings of International Conference on Computer Vision Workshops (ICCV'W)"}
@STRING{ICCVW_300VW = "{IEEE} Proceedings of International Conference on Computer Vision, 300 Videos in the Wild (300-VW): Facial Landmark Tracking in-the-Wild Challenge \& Workshop (ICCV-W)"}
@STRING{ICCVW_300W = "{IEEE} Proceedings of International Conference on Computer Vision (ICCV-W), 300 Faces In-the-Wild Challenge (300-W)"}
@STRING{CVPRW = "{IEEE} Proceedings of International Conference on Computer Vision and Pattern Recognition Workshops (CVPR'W)"}
@STRING{CVPRW_300W = "{IEEE} Proceedings of International Conference on Computer Vision and Pattern Recognition (CVPR-W), 5th Workshop on Analysis and Modeling of Faces and Gestures"}
@STRING{ACMMM = "Proceedings of ACM International Conference on Multimedia (ACM'MM)"}
@STRING{IJCB = "{IEEE} Proceedings of International Joint Conference on Biometrics (IJCB)"}
@STRING{BMVC = "Proceedings of British Machine Vision Conference (BMVC)"}
@STRING{FG = "{IEEE} Proceedings of International Conference on Automatic Face and Gesture Recognition (FG)"}
@STRING{ICPR = "{IEEE} International Conference on Pattern Recognition (ICPR)"}
@STRING{IJCB = "{IEEE} International Joint Conference on Biometrics (IJCB)"}
@STRING{BTAS = "{IEEE} International Conference on Biometrics Theory, Applications and Systems (BTAS)"}
