@book{Wen:2006vt,
author = {Wen, Zhen and Huang, Thomas S},
title = {{3D Face Processing}},
publisher={Springer},
year = {2006}
}

@article{Bowyer:2006dg,
author = {Bowyer, Kevin W and Chang, Kyong and Flynn, Patrick},
title = {{A survey of approaches and challenges in 3D and multi-modal 3D+2D face recognition}},
journal = CVIU,
year = {2006},
volume = {101},
number = {1},
pages = {1--15},
month = jan
}

@article{Kittler:2005ck,
author = {Kittler, Josef and Hilton, A and Hamouz, M and Illingworth, J},
title = {{3D Assisted Face Recognition: A Survey of 3D Imaging, Modelling and Recognition Approachest}},
journal = CVPRW,
year = {2005},
volume = {3},
pages = {114--114}
}

@article{Stylianou:2009da,
author = {Stylianou, Georgios and Lanitis, Adreas},
title = {{Image Based 3D Face Reconstruction: A Survey}},
journal = JOIG,
year = {2009},
volume = {09},
number = {02},
pages = {217--250},
}
